@article{bert,
  author    = {Jacob Devlin and
               Ming{-}Wei Chang and
               Kenton Lee and
               Kristina Toutanova},
  title     = {{BERT:} Pre-training of Deep Bidirectional Transformers for Language
               Understanding},
  journal   = {CoRR},
  volume    = {abs/1810.04805},
  year      = {2018},
  url       = {http://arxiv.org/abs/1810.04805},
  archivePrefix = {arXiv},
  eprint    = {1810.04805},
  timestamp = {Tue, 30 Oct 2018 20:39:56 +0100},
  biburl    = {https://dblp.org/rec/bib/journals/corr/abs-1810-04805},
  bibsource = {dblp computer science bibliography, https://dblp.org}
}

@inproceedings{transformer,
  title={Attention is all you need},
  author={Vaswani, Ashish and Shazeer, Noam and Parmar, Niki and Uszkoreit, Jakob and Jones, Llion and Gomez, Aidan N and Kaiser, {\L}ukasz and Polosukhin, Illia},
  booktitle={Advances in neural information processing systems},
  pages={5998--6008},
  year={2017}
}

@article{li2018automatic,
  title={Automatic lexical stress and pitch accent detection for L2 English speech using multi-distribution deep neural networks},
  author={Li, Kun and Mao, Shaoguang and Li, Xu and Wu, Zhiyong and Meng, Helen},
  journal={Speech Communication},
  volume={96},
  pages={28--36},
  year={2018},
  publisher={Elsevier}
}

@article{luongatten,
  title={Effective approaches to attention-based neural machine translation},
  author={Luong, Minh-Thang and Pham, Hieu and Manning, Christopher D},
  journal={arXiv preprint arXiv:1508.04025},
  year={2015}
}

@article{inneratten,
  title={Learning natural language inference using bidirectional LSTM model and inner-attention},
  author={Liu, Yang and Sun, Chengjie and Lin, Lei and Wang, Xiaolong},
  journal={arXiv preprint arXiv:1605.09090},
  year={2016}
}

@article{li2016mispronunciation,
  title={Mispronunciation detection and diagnosis in l2 english speech using multidistribution deep neural networks},
  author={Li, Kun and Qian, Xiaojun and Meng, Helen},
  journal={IEEE/ACM Transactions on Audio, Speech, and Language Processing},
  volume={25},
  number={1},
  pages={193--207},
  year={2016},
  publisher={IEEE}
}

@inproceedings{li2015integrating,
  title={Integrating acoustic and state-transition models for free phone recognition in L2 English speech using multi-distribution deep neural networks.},
  author={Li, Kun and Qian, Xiaojun and Kang, Shiyin and Liu, Pengfei and Meng, Helen},
  booktitle={SLaTE},
  pages={119--124},
  year={2015},
  organization={Citeseer}
}

@inproceedings{li2011a,
  title={Prominence model for prosodic features in automatic lexical stress and pitch accent detection},
  author={Li, Kun and Zhang, Shuang and Li, Mingxing and Lo, Wai-Kit and Meng, Helen},
  booktitle={Twelfth Annual Conference of the International Speech Communication Association},
  year={2011}
}

@inproceedings{li2012perceptually,
  title={Perceptually-motivated assessment of automatically detected lexical stress in L2 learners' speech},
  author={Li, Kun and Meng, Helen},
  booktitle={2012 8th International Symposium on Chinese Spoken Language Processing},
  pages={179--183},
  year={2012},
  organization={IEEE}
}

@inproceedings{li2013lexical,
  title={Lexical stress detection for L2 English speech using deep belief networks.},
  author={Li, Kun and Qian, Xiaojun and Kang, Shiyin and Meng, Helen},
  booktitle={Interspeech},
  pages={1811--1815},
  year={2013}
}

@article{zhao2013exploiting,
  title={Exploiting contextual information for prosodic event detection using auto-context},
  author={Zhao, Junhong and Zhang, Wei-Qiang and Yuan, Hua and Johnson, Michael T and Liu, Jia and Xia, Shanhong},
  journal={EURASIP Journal on Audio, Speech, and Music Processing},
  volume={2013},
  number={1},
  pages={30},
  year={2013},
  publisher={SpringerOpen}
}

@inproceedings{tepperman2005automatic,
  title={Automatic syllable stress detection using prosodic features for pronunciation evaluation of language learners},
  author={Tepperman, Joseph and Narayanan, Shrikanth},
  booktitle={Proceedings.(ICASSP'05). IEEE International Conference on Acoustics, Speech, and Signal Processing, 2005.},
  volume={1},
  pages={I--937},
  year={2005},
  organization={IEEE}
}

@article{svm,
  title={Automatic lexical stress detection using acoustic features for computer assisted language learning},
  author={Zhao, Junhong and Yuan, Hua and Liu, Jia and Xia, S},
  journal={Proc. APSIPA ASC},
  pages={247--251},
  year={2011}
}

@inproceedings{chen2010automatic,
  title={Automatic lexical stress detection for Chinese learners' of English},
  author={Chen, Jin-Yu and Wang, Lan},
  booktitle={2010 7th International Symposium on Chinese Spoken Language Processing},
  pages={407--411},
  year={2010},
  organization={IEEE}
}

@inproceedings{wang2009stress,
  title={Stress detection based on multi-class probabilistic support vector machines for accented English speech},
  author={Wang, Jhing-Fa and Chang, Gung-Ming and Wang, Jia-Ching and Lin, Shun-Chieh},
  booktitle={2009 WRI World Congress on Computer Science and Information Engineering},
  volume={7},
  pages={346--350},
  year={2009},
  organization={IEEE}
}

@article{ferrer2015classification,
  title={Classification of lexical stress using spectral and prosodic features for computer-assisted language learning systems},
  author={Ferrer, Luciana and Bratt, Harry and Richey, Colleen and Franco, Horacio and Abrash, Victor and Precoda, Kristin},
  journal={Speech Communication},
  volume={69},
  pages={31--45},
  year={2015},
  publisher={Elsevier}
}

@article{wu2016googlemt,
  title={Google's neural machine translation system: Bridging the gap between human and machine translation},
  author={Wu, Yonghui and Schuster, Mike and Chen, Zhifeng and Le, Quoc V and Norouzi, Mohammad and Macherey, Wolfgang and Krikun, Maxim and Cao, Yuan and Gao, Qin and Macherey, Klaus and others},
  journal={arXiv preprint arXiv:1609.08144},
  year={2016}
}

@inproceedings{li2019adversarial,
  title={Adversarial Discrete Sequence Generation without Explicit NeuralNetworks as Discriminators},
  author={Li, Zhongliang and Xia, Tian and Lou, Xingyu and Xu, Kaihe and Wang, Shaojun and Xiao, Jing},
  booktitle={The 22nd International Conference on Artificial Intelligence and Statistics},
  pages={3089--3098},
  year={2019}
}

@inproceedings{xia2013improving,
  title={Improving alignment of system combination by using multi-objective optimization},
  author={Xia, Tian and Ji, Zongcheng and Zhai, Shaodan and Chen, Yidong and Liu, Qun and Wang, Shaojun},
  booktitle={Proceedings of the 2013 Conference on Empirical Methods in Natural Language Processing},
  pages={535--544},
  year={2013}
}

@inproceedings{tan2013direct,
  title={Direct optimization of ranking measures for learning to rank models},
  author={Tan, Ming and Xia, Tian and Guo, Lily and Wang, Shaojun},
  booktitle={Proceedings of the 19th ACM SIGKDD international conference on Knowledge discovery and data mining},
  pages={856--864},
  year={2013},
  organization={ACM}
}
